@INPROCEEDINGS{fitness,
    author = {Tao Xie and Nikolai Tillmann and Peli de Halleux and Wolfram Schulte},
    title = {Fitness-Guided Path Exploration in Dynamic Symbolic Execution},
    booktitle = {Proc. the 39th Annual IEEE/IFIP International Conference on Dependable Systems and Networks (DSN 2009)},
    month = {June-July},
    year = {2009}, 
    location = {Lisbon, Portugal},
    url = {http://www.csc.ncsu.edu/faculty/xie/publications/dsn09-fitnex.pdf}, 
}

@INPROCEEDINGS{dart,
  author = {Patrice Godefroid and Nils Klarlund and Koushik Sen},
  title = {DART: directed automated random testing},
  booktitle = {PLDI},
  year = {2005},
  pages = {213-223},
  ee = {http://doi.acm.org/10.1145/1065010.1065036}
}

@inproceedings{exe,
 author = {Cadar, Cristian and Ganesh, Vijay and Pawlowski, Peter M. and Dill, David L. and Engler, Dawson R.},
 title = {EXE: automatically generating inputs of death},
 booktitle = {CCS '06: Proceedings of the 13th ACM conference on Computer and communications security},
 year = {2006},
 isbn = {1-59593-518-5},
 pages = {322--335},
 location = {Alexandria, Virginia, USA},
 doi = {http://doi.acm.org/10.1145/1180405.1180445},
 publisher = {ACM},
 address = {New York, NY, USA},
 }
 
@inproceedings{cute,
 author = {Sen, Koushik and Marinov, Darko and Agha, Gul},
 title = {CUTE: a concolic unit testing engine for C},
 booktitle = {ESEC/FSE-13: Proceedings of the 10th European software engineering conference held jointly with 13th ACM SIGSOFT international symposium on Foundations of software engineering},
 year = {2005},
 isbn = {1-59593-014-0},
 pages = {263--272},
 location = {Lisbon, Portugal},
 doi = {http://doi.acm.org/10.1145/1081706.1081750},
 publisher = {ACM},
 address = {New York, NY, USA},
 }

@article{static,
 author = {King, James C.},
 title = {Symbolic execution and program testing},
 journal = {Commun. ACM},
 volume = {19},
 number = {7},
 year = {1976},
 issn = {0001-0782},
 pages = {385--394},
 doi = {http://doi.acm.org/10.1145/360248.360252},
 publisher = {ACM},
 address = {New York, NY, USA},
 }

@book{testbook,
  address = {Cambridge, UK},
  author = {Paul Ammann and Jeff Offutt},
  interHash = {aa77b9b5172fd5ecd248e569dba62c63},
  intraHash = {1b1e8091ec39c37137a48e1705bc86e5},
  publisher = {Cambridge University Press},
  title = {Introduction to software testing},
  url = {http://cs.gmu.edu/~offutt/softwaretest/},
  year = {2008},
  timestamp = {2009.08.12},
  owner = {magsilva}
}

@InProceedings{selective,
   affiliation = {EPFL},
   author      = {Chipounov, Vitaly and Georgescu, Vlad and Zamfir,
                 Cristian and Candea, George},
   booktitle   = {Proceedings of the 5th {W}orkshop on {H}ot {T}opics in
                 {S}ystem {D}ependability ({H}ot{D}ep)},
   location    = {Estoril, Portugal},
   review      = {REVIEWED},
   status      = {PUBLISHED},
   title       = {Selective {S}ymbolic {E}xecution},
   unit        = {DSLAB},
   year        = 2009
}

@inproceedings{compositional,
 author = {Godefroid, Patrice},
 title = {Compositional dynamic test generation},
 booktitle = {POPL '07: Proceedings of the 34th annual ACM SIGPLAN-SIGACT symposium on Principles of programming languages},
 year = {2007},
 isbn = {1-59593-575-4},
 pages = {47--54},
 location = {Nice, France},
 doi = {http://doi.acm.org/10.1145/1190216.1190226},
 publisher = {ACM},
 address = {New York, NY, USA},
 }

@book{Utting2006,
title = {Practical Model-Based Testing: A Tools Approach},
author = {Mark Utting and Bruno Legeard},
publisher = {Morgan Kaufmann},
year = {2006}
}

@Misc{nmodel,
title = { NModel},
note = {\url{http://www.codeplex.com/NModel}},
year = {2006}
}

@Misc{jsa,
title = {Java String Analyzer},
note = {\url{http://www.brics.dk/JSA/}},
year = {2006}
}

@article{maurer,
    author = {Peter M. Maurer},
    title = {Generating test data with enhanced context-free grammars},
    journal = {IEEE Software},
    year = {1990},
    volume = {7},
    pages = {50--55}
}

@article{constraintsolving,
 author = {Jian Zhang},
 title = {Constraint Solving and Symbolic Execution},
 book = {Verified Software: Theories, Tools, Experiments: First IFIP TC 2/WG 2.3 Conference, VSTTE 2005, Zurich, Switzerland, October 10-13, 2005, Revised Selected Papers and Discussions},
 year = {2008},
 pages = {539--544},
 publisher = {Springer-Verlag}
 }

 @book{microsoft,
title = {Model-Based Software Testing and Analysis with C\#},
author = {Jonathan Jacky and Margus Veanes and Colin Campbell and Wolfram Schulte},
publisher = {Cambridge University Press},
year = {2007}
} 

@inproceedings{deltaexec,
 author = {Marcelo d'Amorim and Steven Lauterburg and Darko Marinov},
 title = {Delta execution for efficient state-space exploration of object-oriented programs},
 booktitle = {Proceedings of the 2007 international symposium on Software testing and analysis:ISSTA 2007},
 year = {2007},
 pages = {50--60}
 }
@INPROCEEDINGS{reggae,
    author = {Nuo Li and Tao Xie and Nikolai Tillmann and Jonathan de Halleux and Wolfram Schulte},
    title = {Reggae: Automated Test Generation for Programs using Complex Regular Expressions},
    booktitle = {Proc. 24th IEEE/ACM International Conference on Automated Software Engineering (ASE 2009)},
    month = {November},
    year = {2009}, 
    location = {Auckland, New Zealand},
    url = {http://www.csc.ncsu.edu/faculty/xie/publications/ase09-reggae.pdf}, 
}
@inproceedings{hampi,
 author = {Kiezun, Adam and Ganesh, Vijay and Guo, Philip J. and Hooimeijer, Pieter and Ernst, Michael D.},
 title = {HAMPI: a solver for string constraints},
 booktitle = {ISSTA '09: Proceedings of the eighteenth international symposium on Software testing and analysis},
 year = {2009},
 isbn = {978-1-60558-338-9},
 pages = {105--116},
 location = {Chicago, IL, USA},
 doi = {http://doi.acm.org/10.1145/1572272.1572286},
 publisher = {ACM},
 address = {New York, NY, USA},
 }