
@Article{PredatA,
    author = {Fang Zheng and Hasan Abbasi and Ciprian Docan and Jay Lofstead and Scott Klasky and Qing Liu and Manish Parashar and Norbert Podhorszki and Karsten Schwan and Matthew Wolf},
    title = {PreDatA- Preparatory Data Analytics on Peta-Scale Machines},
    year = {}
}

@Article{21,
    author = {Chad Jones and Kwan-liu Ma and Allen S and Lee Roy},
    title = {Visual interrogation of gyrokinetic particle simulations},
    booktitle = {Journal of Physics (also Proceedings of SciDAC 2007 Conference},
    year = {2007}
}