@Misc{cpm,
	title = {CPM - Critical Path Method},
	year = {2002},
	url = {http://www.netmba.com/operations/project/cpm/}},
	note = {\url{http://www.netmba.com/operations/project/cpm/}}}
}

@Misc{knight,
	title = {New Knight's Tour Puzzles and Graphs},
	url = {http://www.archimedes-lab.org/knight_tour.html},
	note = {\url{http://www.archimedes-lab.org/knight_tour.html}}
}

@Misc{Mobile,
	title = {An Approximate Algorithm for Solving Shortest Path Problems for Mobile Robots or Driver Assistance},
	url = {http://www.mi.auckland.ac.nz/tech-reports/MItech-TR-37.pdf},
	note = {\url{http://www.mi.auckland.ac.nz/tech-reports/MItech-TR-37.pdf}}
}

@Misc{path,
	title = {Solving a Hamiltonian Path Problem with a bacterial computer},
	year = {2009},
	url = {http://www.jbioleng.org/content/3/1/11},
	note = {\url{http://www.jbioleng.org/content/3/1/11}}
}

@Misc{Vertex,
	title = {Vertex cover problem studied by cavity method: Analytics and population dynamics},
	year = {2003},
	url = {http://www.springerlink.com/content/tlr4nqx01ae6m33f/},
	note = {\url{http://www.springerlink.com/content/tlr4nqx01ae6m33f/}}
}
%@Misc{knight,
%	title = {New Knight's Tour Puzzles and Graphs},
%	url = {http://www.archimedes-lab.org/knight_tour.html},
%	note = {\url{http://www.archimedes-lab.org/knight_tour.html}}
%}
%
%@Misc{Mobile,
%	title = {An Approximate Algorithm for Solving Shortest Path Problems for Mobile Robots or Driver Assistance},
%	url = {http://www.mi.auckland.ac.nz/tech-reports/MItech-TR-37.pdf},
%	note = {\url{http://www.mi.auckland.ac.nz/tech-reports/MItech-TR-37.pdf}}
%}	