
@inproceedings{deltadebugging,
 author = {Zeller, Andreas},
 title = {{Yesterday, My Program Worked. Today, It Does Not. Why?}},
 booktitle = {Proceedings of the 7th European software engineering conference held jointly with the 7th ACM SIGSOFT international symposium on Foundations of software engineering},
 series = {ESEC/FSE-7},
 year = {1999},
 isbn = {3-540-66538-2},
 location = {Toulouse, France},
 pages = {253--267},
 numpages = {15},
 url = {http://dx.doi.org/10.1145/318773.318946},
 doi = {http://dx.doi.org/10.1145/318773.318946},
 acmid = {318946},
 publisher = {Springer-Verlag},
 address = {London, UK},
} 



@article{genericprogramming,
 author = {IEEE Intelligent Systems staff,},
 title = {Genetic Programming},
 journal = {IEEE Intelligent Systems},
 volume = {15},
 issue = {3},
 month = {May},
 year = {2000},
 issn = {1541-1672},
 pages = {74--84},
 numpages = {11},
 url = {http://portal.acm.org/citation.cfm?id=630312.630552},
 doi = {10.1109/5254.846288},
 acmid = {630552},
 publisher = {IEEE Educational Activities Department},
 address = {Piscataway, NJ, USA},
} 

@book{modernlegacy,
 author = {seacord, Robert C. and Plakosh, Daniel and Lewis, Grace A.},
 title = {{Modernizing Legacy Systems: Software Technologies, Engineering Process and Business Practices}},
 year = {2003},
 isbn = {0321118847},
 publisher = {Addison-Wesley Longman Publishing Co., Inc.},
 address = {Boston, MA, USA},
}

@article{10.1109/ICSE.2009.5070516,
author = {Raymond P.L. Buse and Westley Weimer},
title = {{The road not taken: Estimating path execution frequency statically}},
journal ={Software Engineering, International Conference on},
volume = {0},
isbn = {978-1-4244-3453-4},
year = {2009},
pages = {144-154},
doi = {http://doi.ieeecomputersociety.org/10.1109/ICSE.2009.5070516},
publisher = {IEEE Computer Society},
address = {Los Alamitos, CA, USA},
}

@article{geneticPatch,
author = {Westley Weimer and ThanhVu Nguyen and Claire Le Goues and Stephanie Forrest},
title = {Automatically finding patches using genetic programming},
journal ={Software Engineering, International Conference on},
volume = {0},
isbn = {978-1-4244-3453-4},
year = {2009},
pages = {364-374},
doi = {http://doi.ieeecomputersociety.org/10.1109/ICSE.2009.5070536},
publisher = {IEEE Computer Society},
address = {Los Alamitos, CA, USA},
}

@inproceedings{predictCoverage,
  author = {Brett Daniel and Marat Boshernitsan},
  title = {Predicting Effectiveness of Automatic Testing Tools},
  booktitle = {IEEE/ACM International Conference on Automated Software Engineering (ASE)},
  year = {2008},
  month = {September},
  publisher = {IEEE},
  url = {http://mir.cs.uiuc.edu/predictcoverage/},
}

@article {springerlink:10.1023/A:1008607721339,
   author = {Howe, Adele E. and Mayrhauser, Anneliese von and Mraz, Richard T.},
   title = {Test Case Generation as an AI Planning Problem},
   journal = {Automated Software Engineering},
   publisher = {Springer Netherlands},
   issn = {0928-8910},
   keyword = {Computer Science},
   pages = {77-106},
   volume = {4},
   issue = {1},
   url = {http://dx.doi.org/10.1023/A:1008607721339},
   note = {10.1023/A:1008607721339},
   year = {1997}
}

@inproceedings{Barstow:1987:AIS:41765.41786,
 author = {Barstow, D.},
 title = {Artificial intelligence and software engineering},
 booktitle = {Proceedings of the 9th international conference on Software Engineering},
 series = {ICSE '87},
 year = {1987},
 isbn = {0-89791-216-0},
 location = {Monterey, California, United States},
 pages = {200--211},
 numpages = {12},
 url = {http://portal.acm.org/citation.cfm?id=41765.41786},
 acmid = {41786},
 publisher = {IEEE Computer Society Press},
 address = {Los Alamitos, CA, USA},
} 

@article{10.1109/QSIC.2008.29,
author = {Lionel C. Briand},
title = {Novel Applications of Machine Learning in Software Testing},
journal ={Quality Software, International Conference on},
volume = {0},
issn = {1550-6002},
year = {2008},
pages = {3-10},
doi = {http://doi.ieeecomputersociety.org/10.1109/QSIC.2008.29},
publisher = {IEEE Computer Society},
address = {Los Alamitos, CA, USA},
}

@inproceedings{mlinstatistics,
 author = {Baskiotis, Nicolas and Sebag, Mich\`{e}le and Gaudel, Marie-Claude and Gouraud, Sandrine},
 title = {A machine learning approach for statistical software testing},
 booktitle = {Proceedings of the 20th international joint conference on Artifical intelligence},
 year = {2007},
 location = {Hyderabad, India},
 pages = {2274--2279},
 numpages = {6},
 url = {http://portal.acm.org/citation.cfm?id=1625275.1625642},
 acmid = {1625642},
 publisher = {Morgan Kaufmann Publishers Inc.},
 address = {San Francisco, CA, USA},
} 


@inproceedings{BrunE2004,
   author = {Yuriy Brun and Michael D. Ernst},
   title = {Finding latent code errors via machine learning over program
	executions},
   booktitle = {ICSE'04, Proceedings of the 26th International Conference
	on Software Engineering},
   pages = {480--490},
   address = {Edinburgh, Scotland},
   month = {May~26--28,},
   year = {2004}
}
@inproceedings{wrongDefinition,
 author = {Shi, Yao and Park, Soyeon and Yin, Zuoning and Lu, Shan and Zhou, Yuanyuan and Chen, Wenguang and Zheng, Weimin},
 title = {Do I use the wrong definition?: DeFuse: definition-use invariants for detecting concurrency and sequential bugs},
 booktitle = {Proceedings of the ACM international conference on Object oriented programming systems languages and applications},
 series = {OOPSLA '10},
 year = {2010},
 isbn = {978-1-4503-0203-6},
 location = {Reno/Tahoe, Nevada, USA},
 pages = {160--174},
 numpages = {15},
 url = {http://doi.acm.org/10.1145/1869459.1869474},
 doi = {http://doi.acm.org/10.1145/1869459.1869474},
 acmid = {1869474},
 publisher = {ACM},
 address = {New York, NY, USA},
 keywords = {atomicity violation, concurrency bug, order violation, sequential bug},
} 




@INPROCEEDINGS{fitness,
    author = {Tao Xie and Nikolai Tillmann and Peli de Halleux and Wolfram Schulte},
    title = {Fitness-Guided Path Exploration in Dynamic Symbolic Execution},
    booktitle = {Proc. the 39th Annual IEEE/IFIP International Conference on Dependable Systems and Networks (DSN 2009)},
    month = {June-July},
    year = {2009}, 
    location = {Lisbon, Portugal},
    url = {http://www.csc.ncsu.edu/faculty/xie/publications/dsn09-fitnex.pdf}, 
}

@INPROCEEDINGS{dart,
  author = {Patrice Godefroid and Nils Klarlund and Koushik Sen},
  title = {DART: directed automated random testing},
  booktitle = {PLDI},
  year = {2005},
  pages = {213-223},
  ee = {http://doi.acm.org/10.1145/1065010.1065036}
}

@inproceedings{exe,
 author = {Cadar, Cristian and Ganesh, Vijay and Pawlowski, Peter M. and Dill, David L. and Engler, Dawson R.},
 title = {EXE: automatically generating inputs of death},
 booktitle = {CCS '06: Proceedings of the 13th ACM conference on Computer and communications security},
 year = {2006},
 isbn = {1-59593-518-5},
 pages = {322--335},
 location = {Alexandria, Virginia, USA},
 doi = {http://doi.acm.org/10.1145/1180405.1180445},
 publisher = {ACM},
 address = {New York, NY, USA},
 }
 
@inproceedings{cute,
 author = {Sen, Koushik and Marinov, Darko and Agha, Gul},
 title = {CUTE: a concolic unit testing engine for C},
 booktitle = {ESEC/FSE-13: Proceedings of the 10th European software engineering conference held jointly with 13th ACM SIGSOFT international symposium on Foundations of software engineering},
 year = {2005},
 isbn = {1-59593-014-0},
 pages = {263--272},
 location = {Lisbon, Portugal},
 doi = {http://doi.acm.org/10.1145/1081706.1081750},
 publisher = {ACM},
 address = {New York, NY, USA},
 }


@book{testbook,
  address = {Cambridge, UK},
  author = {Paul Ammann and Jeff Offutt},
  interHash = {aa77b9b5172fd5ecd248e569dba62c63},
  intraHash = {1b1e8091ec39c37137a48e1705bc86e5},
  publisher = {Cambridge University Press},
  title = {Introduction to software testing},
  url = {http://cs.gmu.edu/~offutt/softwaretest/},
  year = {2008},
  timestamp = {2009.08.12},
  owner = {magsilva}
}

@InProceedings{selective,
   affiliation = {EPFL},
   author      = {Chipounov, Vitaly and Georgescu, Vlad and Zamfir,
                 Cristian and Candea, George},
   booktitle   = {Proceedings of the 5th {W}orkshop on {H}ot {T}opics in
                 {S}ystem {D}ependability ({H}ot{D}ep)},
   location    = {Estoril, Portugal},
   review      = {REVIEWED},
   status      = {PUBLISHED},
   title       = {Selective {S}ymbolic {E}xecution},
   unit        = {DSLAB},
   year        = 2009
}

@inproceedings{evolutionaryComputation,
 author = {Schulte, Eric and Forrest, Stephanie and Weimer, Westley},
 title = {Automated program repair through the evolution of assembly code},
 booktitle = {Proceedings of the IEEE/ACM international conference on Automated software engineering},
 series = {ASE '10},
 year = {2010},
 isbn = {978-1-4503-0116-9},
 location = {Antwerp, Belgium},
 pages = {313--316},
 numpages = {4},
 url = {http://doi.acm.org/10.1145/1858996.1859059},
 doi = {http://doi.acm.org/10.1145/1858996.1859059},
 acmid = {1859059},
 publisher = {ACM},
 address = {New York, NY, USA},
 keywords = {assembly code, bytecode, evolutionary computation, fault localization, legacy software, program repair},
} 

@inproceedings{repair,
 author = {Forrest, Stephanie and Nguyen, ThanhVu and Weimer, Westley and Le Goues, Claire},
 title = {A genetic programming approach to automated software repair},
 booktitle = {Proceedings of the 11th Annual conference on Genetic and evolutionary computation},
 series = {GECCO '09},
 year = {2009},
 isbn = {978-1-60558-325-9},
 location = {Montreal, Qu\&\#233;bec, Canada},
 pages = {947--954},
 numpages = {8},
 url = {http://doi.acm.org/10.1145/1569901.1570031},
 doi = {http://doi.acm.org/10.1145/1569901.1570031},
 acmid = {1570031},
 publisher = {ACM},
 address = {New York, NY, USA},
 keywords = {genetic programming, software engineering, software repair},
} 


@inproceedings{compositional,
 author = {Godefroid, Patrice},
 title = {Compositional dynamic test generation},
 booktitle = {POPL '07: Proceedings of the 34th annual ACM SIGPLAN-SIGACT symposium on Principles of programming languages},
 year = {2007},
 isbn = {1-59593-575-4},
 pages = {47--54},
 location = {Nice, France},
 doi = {http://doi.acm.org/10.1145/1190216.1190226},
 publisher = {ACM},
 address = {New York, NY, USA},
 }
 
 @inproceedings{prune,
 author = {Bardin, S\'{e}bastien and Herrmann, Philippe},
 title = {{Pruning the Search Space in Path-Based Test Generation}},
 booktitle = {ICST},
 year = {2009}
 }

@book{Utting2006,
title = {Practical Model-Based Testing: A Tools Approach},
author = {Mark Utting and Bruno Legeard},
publisher = {Morgan Kaufmann},
year = {2006}
}

@Misc{nmodel,
title = { NModel},
note = {\url{http://www.codeplex.com/NModel}},
year = {2006}
}

@Misc{jsa,
title = {Java String Analyzer},
note = {\url{http://www.brics.dk/JSA/}},
year = {2006}
}

@article{maurer,
    author = {Peter M. Maurer},
    title = {Generating test data with enhanced context-free grammars},
    journal = {IEEE Software},
    year = {1990},
    volume = {7},
    pages = {50--55}
}

@article{constraintsolving,
 author = {Jian Zhang},
 title = {Constraint Solving and Symbolic Execution},
 journal = {Verified Software: Theories, Tools, Experiments: First IFIP TC 2/WG 2.3 Conference, VSTTE 2005, Zurich, Switzerland, October 10-13, 2005, Revised Selected Papers and Discussions},
 year = {2008},
 pages = {539--544},
 publisher = {Springer-Verlag}
 }

 @book{microsoft,
title = {Model-Based Software Testing and Analysis with C\#},
author = {Jonathan Jacky and Margus Veanes and Colin Campbell and Wolfram Schulte},
publisher = {Cambridge University Press},
year = {2007}
} 

@inproceedings{deltaexec,
 author = {Marcelo d'Amorim and Steven Lauterburg and Darko Marinov},
 title = {Delta execution for efficient state-space exploration of object-oriented programs},
 booktitle = {Proceedings of the 2007 international symposium on Software testing and analysis:ISSTA 2007},
 year = {2007},
 pages = {50--60}
 }
@INPROCEEDINGS{reggae,
    author = {Nuo Li and Tao Xie and Nikolai Tillmann and Jonathan de Halleux and Wolfram Schulte},
    title = {Reggae: Automated Test Generation for Programs using Complex Regular Expressions},
    booktitle = {Proc. 24th IEEE/ACM International Conference on Automated Software Engineering (ASE 2009)},
    month = {November},
    year = {2009}, 
    location = {Auckland, New Zealand},
    url = {http://www.csc.ncsu.edu/faculty/xie/publications/ase09-reggae.pdf}, 
}
@inproceedings{hampi,
 author = {Kiezun, Adam and Ganesh, Vijay and Guo, Philip J. and Hooimeijer, Pieter and Ernst, Michael D.},
 title = {HAMPI: a solver for string constraints},
 booktitle = {ISSTA '09: Proceedings of the eighteenth international symposium on Software testing and analysis},
 year = {2009},
 isbn = {978-1-60558-338-9},
 pages = {105--116},
 location = {Chicago, IL, USA},
 doi = {http://doi.acm.org/10.1145/1572272.1572286},
 publisher = {ACM},
 address = {New York, NY, USA},
 }
 
 @article{symbolic,
 author = {King, James C.},
 title = {Symbolic execution and program testing},
 journal = {Commun. ACM},
 volume = {19},
 number = {7},
 year = {1976},
 issn = {0001-0782},
 pages = {385--394},
 doi = {http://doi.acm.org/10.1145/360248.360252},
 publisher = {ACM},
 address = {New York, NY, USA},
 }
 
 @book{graph,
 author = {Gross, Jonathan and Yellen, Jay},
 title = {Graph theory and its applications},
 year = {1999},
 isbn = {0-8493-3982-0},
 publisher = {CRC Press, Inc.},
 address = {Boca Raton, FL, USA},
 }
 
 @inproceedings{online,
     author = {George Kofi Baah 
                and Alexander Gray 
                and Mary Jean Harrold},
      title = {On-line Anomaly Detection of Deployed Software: A Statistical Machine Learning Approach},
  booktitle = {Proceedings of theThird International Workshop on Software Quality Assurance (SOQUA 2006)},
      pages = {70--77},
    address = {Portland, Oregon},
      month = {November},
       year = {2006},
      notes = {}
}

@article {springerlink:10.1023/A:1008662625094,
   author = {Welty, Christopher A. and Selfridge, Peter G.},
   title = {Artificial Intelligence and Software Engineering: Breaking the Toy Mold},
   journal = {Automated Software Engineering},
   publisher = {Springer Netherlands},
   issn = {0928-8910},
   keyword = {Computer Science},
   pages = {255-270},
   volume = {4},
   issue = {3},
   url = {http://dx.doi.org/10.1023/A:1008662625094},
   note = {10.1023/A:1008662625094},
   year = {1997}
}
@inproceedings{mixed,
 author = {Cristian Cadar and Dawson Engler},
 title = {{Execution Generated Test Cases: How to Make Systems Code Crash Itself}},
 booktitle = {SPIN},
 year = {2005}
 }
 
  @inproceedings{onthefly,
 author = {N. Williams, B. Marre and P. Mouy},
 title = {{On-the-Fly Generation of K-Path Tests for C Functions}},
 booktitle = {ASE},
 year = {2004}
 }
 
 @inproceedings{hybrid,
 author = {R. Majumdar and K. Sen.},
 title = {{Hybrid Concolic Testing}},
 booktitle = {ICSE},
 year = {2007}
 }
 
 @inproceedings{fuzz,
 author = {P. Godefroid, M. Y. Levin and D.Molnar},
 title = {{Automated Whitebox Fuzz Testing}},
 booktitle = {NDSS},
 year = {2008}
 }
  @inproceedings{distribute,
 author = {K. Sen and G. Agha},
 title = {{Automated Systematic Testing of Open Distributed Programs}},
 booktitle = {FASE},
 year = {2006}
 }
 
 
   @inproceedings{peephole,
 author = { C.Wang, Z. Yang, V. Kahlon and A. Gupta.},
 title = {{Peephole Partial
Order Reduction}},
 booktitle = {TACAS},
 year = {2008}
 }
 
  
   @inproceedings{demand,
 author = { S. Anand, P. Godefroid and N. Tillmann},
 title = {{Demand-Driven Compositional Symbolic Execution}},
 booktitle = {TACAS},
 year = {2008}
 } 
 
    @inproceedings{allpath,
 author = { P.Mouy, B.Marre, N.Williams and P. Le Gall},
 title = {{Generation of All-Paths Unit Test with Function Calls.}},
 booktitle = {ICST},
 year = {2008}
 } 

    @inproceedings{constraint,
 author = { A. Gotlieb, B. Botella and M. Rueher},
 title = {{Automatic Test Data Generation Using Constraint Solving Techniques.}},
 booktitle = {ISSTA},
 year = {1998}
 } 

    @inproceedings{inka,
 author = { A. Gotlieb, B. Botella and M. Watel. },
 title = {{Inka: Ten years after the first ideas.}},
 booktitle = {ICSSEA},
 year = {2006}
 } 
 
     @inproceedings{iterative,
 author = { N. Gupta, A. P. Mathur and M. L. Soffa. },
 title = {{Automated Test Data Generation Using an Iterative Relaxation Method.}},
 booktitle = {FSE},
 year = {1998}
 } 
 
     @inproceedings{una,
 author = {  N. Gupta, A. P. Mathur andM. L. Soffa. },
 title = {{UNA Based Iterative Test Data Generation and its Evaluation.}},
 booktitle = {ASE},
 year = {1999}
 } 
    @inproceedings{empirical,
 author = { M. Harman and P. McMinn. },
 title = {{A theoretical \& empirical analysis of evolutionary testing and hill climbing for structural test data generation.}},
 booktitle = {ISSTA},
 year = {2007}
 } 

    @inproceedings{auto,
 author = { B. Korel. },
 title = {{Automated Software Test Data Generation.}},
 booktitle = {TSE},
 year = {1990}
 } 

    @inproceedings{procedure,
 author = { B. Korel. },
 title = {{Automated Test Data Generation for Programs with Procedures.}},
 booktitle = {ISSTA},
 year = {1996}
 } 

    @inproceedings{extenjpf,
 author = { S. Anand, C. S. Pasareanu and W. Visser. },
 title = {{JPF-SE: A Symbolic Execution Extension to Java PathFinder.}},
 booktitle = {TACAS},
 year = {2007}
 } 

    @inproceedings{structural,
 author = { S. Bardin and P. Herrmann. },
 title = {{Structural Testing of Executables.}},
 booktitle = {ICST},
 year = {2008}
 } 
   @inproceedings{fuzz,
 author = { P. Godefroid, M. Y. Levin and D.Molnar. },
 title = {{Automated Whitebox Fuzz Testing.}},
 booktitle = {NDSS},
 year = {2008}
 } 

   @inproceedings{pex,
 author = { N. Tillmann and J. de Halleux. },
 title = {{Pex-White Box Test Generation for .NET.}},
 booktitle = {TAP},
 year = {2008}
 } 
 
@inproceedings{select,
 author = { Robert S. Boyer and Bernard Elspas and Karl N. Levitt. },
 title = {{SELECT--a formal system for testing and debugging programs by symbolic execution.}},
 booktitle = {ICRS},
 year = {1975}
 } 


@article{test76,
  author    = {Lori A. Clarke},
  title     = {{A System to Generate Test Data and Symbolically Execute Programs}},
  journal   = {TSE},
  year      = {1976}
}