@Book{PDAT,
author = {Clark, A. P}, 
title = {Principles of digital data transmission}, 
volume = {}, 
pages = {300}, 
editor = {}, 
publisher = {Wiley}, 
address = {New York}, 
year = {1983}, 
abstract = {}, 
keywords = {Data transmission systems}}

@article{ps,
 author = {Edgar Solomonik and Laxmikant V. Kal«e},
 title = {Highly Scalable Parallel Sorting},
 journal = {Parallel and Distributed Processing (IPDPS), 2010 IEEE international Symposium on },
 volume = {36},
 number = {},
 year = {2010},
 issn = {1530-2075},
 pages = {1-12},
 doi = {10.1109/IPDPS.2010.5470406 },
 publisher = {},
 address = {Atlanta, GA},
 }

 @inproceedings{histogram,
 author = {Halim, Felix and Karras, Panagiotis and Yap, Roland H.C.},
 title = {Fast and effective histogram construction},
 booktitle = {Proceeding of the 18th ACM conference on Information and knowledge management},
 series = {CIKM '09},
 year = {2009},
 isbn = {978-1-60558-512-3},
 location = {Hong Kong, China},
 pages = {1167--1176},
 numpages = {10},
 url = {http://doi.acm.org/10.1145/1645953.1646101},
 doi = {http://doi.acm.org/10.1145/1645953.1646101},
 acmid = {1646101},
 publisher = {ACM},
 address = {New York, NY, USA},
 keywords = {efficiency, histograms, segmentation},
}

@book{datamining,
 author = {Tan, Pang-Ning and Steinbach, Michael and Kumar, Vipin},
 title = {Introduction to Data Mining, (First Edition)},
 year = {2005},
 isbn = {0321321367},
 publisher = {Addison-Wesley Longman Publishing Co., Inc.},
 address = {Boston, MA, USA},
}