@Misc{cpm,
	title  ={CPM - Critical Path Method},
	year = {2002},
	url = {http://www.netmba.com/operations/project/cpm/}},
	note = {\url{http://www.netmba.com/operations/project/cpm/}}}
}

@Misc{path,
	title  ={Solving a Hamiltonian Path Problem with a bacterial computer},
	year = {2009},
	url = {http://www.jbioleng.org/content/3/1/11},
	note = {\url{http://www.jbioleng.org/content/3/1/11}}
}

@Misc{knight,
	title  ={New Knight's Tour Puzzles and Graphs},
	url = {http://www.archimedes-lab.org/knight_tour.html},
	note = {\url{http://www.archimedes-lab.org/knight_tour.html}}
}