@article{10.1109/ICSE.2009.5070516,
author = {Raymond P.L. Buse and Westley Weimer},
title = {{The road not taken: Estimating path execution frequency statically}},
journal ={Software Engineering, International Conference on},
volume = {0},
isbn = {978-1-4244-3453-4},
year = {2009},
pages = {144-154},
doi = {http://doi.ieeecomputersociety.org/10.1109/ICSE.2009.5070516},
publisher = {IEEE Computer Society},
address = {Los Alamitos, CA, USA},
}

@inproceedings{danielboshernitsan08,
  author = {Brett Daniel and Marat Boshernitsan},
  title = {Predicting Effectiveness of Automatic Testing Tools},
  booktitle = {IEEE/ACM International Conference on Automated Software Engineering (ASE)},
  year = {2008},
  month = {September},
  publisher = {IEEE},
  url = {http://mir.cs.uiuc.edu/predictcoverage/},
}

@article {springerlink:10.1023/A:1008607721339,
   author = {Howe, Adele E. and Mayrhauser, Anneliese von and Mraz, Richard T.},
   title = {Test Case Generation as an AI Planning Problem},
   journal = {Automated Software Engineering},
   publisher = {Springer Netherlands},
   issn = {0928-8910},
   keyword = {Computer Science},
   pages = {77-106},
   volume = {4},
   issue = {1},
   url = {http://dx.doi.org/10.1023/A:1008607721339},
   note = {10.1023/A:1008607721339},
   year = {1997}
}

@inproceedings{Barstow:1987:AIS:41765.41786,
 author = {Barstow, D.},
 title = {Artificial intelligence and software engineering},
 booktitle = {Proceedings of the 9th international conference on Software Engineering},
 series = {ICSE '87},
 year = {1987},
 isbn = {0-89791-216-0},
 location = {Monterey, California, United States},
 pages = {200--211},
 numpages = {12},
 url = {http://portal.acm.org/citation.cfm?id=41765.41786},
 acmid = {41786},
 publisher = {IEEE Computer Society Press},
 address = {Los Alamitos, CA, USA},
} 

@article{10.1109/QSIC.2008.29,
author = {Lionel C. Briand},
title = {Novel Applications of Machine Learning in Software Testing},
journal ={Quality Software, International Conference on},
volume = {0},
issn = {1550-6002},
year = {2008},
pages = {3-10},
doi = {http://doi.ieeecomputersociety.org/10.1109/QSIC.2008.29},
publisher = {IEEE Computer Society},
address = {Los Alamitos, CA, USA},
}

@inproceedings{Baskiotis:2007:MLA:1625275.1625642,
 author = {Baskiotis, Nicolas and Sebag, Mich\`{e}le and Gaudel, Marie-Claude and Gouraud, Sandrine},
 title = {A machine learning approach for statistical software testing},
 booktitle = {Proceedings of the 20th international joint conference on Artifical intelligence},
 year = {2007},
 location = {Hyderabad, India},
 pages = {2274--2279},
 numpages = {6},
 url = {http://portal.acm.org/citation.cfm?id=1625275.1625642},
 acmid = {1625642},
 publisher = {Morgan Kaufmann Publishers Inc.},
 address = {San Francisco, CA, USA},
} 


@inproceedings{Shi:2010:IUW:1869459.1869474,
 author = {Shi, Yao and Park, Soyeon and Yin, Zuoning and Lu, Shan and Zhou, Yuanyuan and Chen, Wenguang and Zheng, Weimin},
 title = {Do I use the wrong definition?: DeFuse: definition-use invariants for detecting concurrency and sequential bugs},
 booktitle = {Proceedings of the ACM international conference on Object oriented programming systems languages and applications},
 series = {OOPSLA '10},
 year = {2010},
 isbn = {978-1-4503-0203-6},
 location = {Reno/Tahoe, Nevada, USA},
 pages = {160--174},
 numpages = {15},
 url = {http://doi.acm.org/10.1145/1869459.1869474},
 doi = {http://doi.acm.org/10.1145/1869459.1869474},
 acmid = {1869474},
 publisher = {ACM},
 address = {New York, NY, USA},
 keywords = {atomicity violation, concurrency bug, order violation, sequential bug},
} 


@inproceedings{Barstow:1987:AIS:41765.41786,
 author = {Barstow, D.},
 title = {Artificial intelligence and software engineering},
 booktitle = {Proceedings of the 9th international conference on Software Engineering},
 series = {ICSE '87},
 year = {1987},
 isbn = {0-89791-216-0},
 location = {Monterey, California, United States},
 pages = {200--211},
 numpages = {12},
 url = {http://portal.acm.org/citation.cfm?id=41765.41786},
 acmid = {41786},
 publisher = {IEEE Computer Society Press},
 address = {Los Alamitos, CA, USA},
} 

@book{testbook,
  address = {Cambridge, UK},
  author = {Paul Ammann and Jeff Offutt},
  interHash = {aa77b9b5172fd5ecd248e569dba62c63},
  intraHash = {1b1e8091ec39c37137a48e1705bc86e5},
  publisher = {Cambridge University Press},
  title = {Introduction to software testing},
  url = {http://cs.gmu.edu/~offutt/softwaretest/},
  year = {2008},
  timestamp = {2009.08.12},
  owner = {magsilva}
}

 
 @inproceedings{ baah06nov,
     author = {George Kofi Baah 
                and Alexander Gray 
                and Mary Jean Harrold},
      title = {On-line Anomaly Detection of Deployed Software: A Statistical Machine Learning Approach},
  booktitle = {Proceedings of theThird International Workshop on Software Quality Assurance (SOQUA 2006)},
      pages = {70--77},
    address = {Portland, Oregon},
      month = {November},
       year = {2006},
      notes = {}
}

@article {springerlink:10.1023/A:1008662625094,
   author = {Welty, Christopher A. and Selfridge, Peter G.},
   title = {Artificial Intelligence and Software Engineering: Breaking the Toy Mold},
   journal = {Automated Software Engineering},
   publisher = {Springer Netherlands},
   issn = {0928-8910},
   keyword = {Computer Science},
   pages = {255-270},
   volume = {4},
   issue = {3},
   url = {http://dx.doi.org/10.1023/A:1008662625094},
   note = {10.1023/A:1008662625094},
   year = {1997}
}