@INPROCEEDINGS{fitness,
    author = {Tao Xie and Nikolai Tillmann and Peli de Halleux and Wolfram Schulte},
    title = {Fitness-Guided Path Exploration in Dynamic Symbolic Execution},
    booktitle = {DSN},
    month = {June-July},
    year = {2009}, 
    location = {Lisbon, Portugal},
    url = {http://www.csc.ncsu.edu/faculty/xie/publications/dsn09-fitnex.pdf}, 
}

@INPROCEEDINGS{dart,
  author = {Patrice Godefroid and Nils Klarlund and Koushik Sen},
  title = {DART: directed automated random testing},
  booktitle = {PLDI},
  year = {2005},
  pages = {213-223},
  ee = {http://doi.acm.org/10.1145/1065010.1065036}
}

@inproceedings{exe,
 author = {Cadar, Cristian and Ganesh, Vijay and Pawlowski, Peter M. and Dill, David L. and Engler, Dawson R.},
 title = {EXE: automatically generating inputs of death},
 booktitle = {CCS},
 year = {2006} 
 }
 
@inproceedings{cute,
 author = {Sen, Koushik and Marinov, Darko and Agha, Gul},
 title = {CUTE: a concolic unit testing engine for C},
 booktitle = {ESEC/FSE},
 year = {2005}
 }


@book{testbook,
  address = {Cambridge, UK},
  author = {Paul Ammann and Jeff Offutt},
  interHash = {aa77b9b5172fd5ecd248e569dba62c63},
  intraHash = {1b1e8091ec39c37137a48e1705bc86e5},
  publisher = {Cambridge University Press},
  title = {Introduction to software testing},
  url = {http://cs.gmu.edu/~offutt/softwaretest/},
  year = {2008},
  timestamp = {2009.08.12},
  owner = {magsilva}
}

@InProceedings{selective,
   affiliation = {EPFL},
   author      = {Chipounov, Vitaly and Georgescu, Vlad and Zamfir,
                 Cristian and Candea, George},
   booktitle   = {Proceedings of the 5th {W}orkshop on {H}ot {T}opics in
                 {S}ystem {D}ependability ({H}ot{D}ep)},
   location    = {Estoril, Portugal},
   review      = {REVIEWED},
   status      = {PUBLISHED},
   title       = {Selective {S}ymbolic {E}xecution},
   unit        = {DSLAB},
   year        = 2009
}

@inproceedings{compositional,
 author = {Godefroid, Patrice},
 title = {{Compositional Dynamic Test Generation}},
 booktitle = {POPL},
 year = {2007}
 }

@book{Utting2006,
title = {Practical Model-Based Testing: A Tools Approach},
author = {Mark Utting and Bruno Legeard},
publisher = {Morgan Kaufmann},
year = {2006}
}

@Misc{nmodel,
title = { NModel},
note = {\url{http://www.codeplex.com/NModel}},
year = {2006}
}

@Misc{jsa,
title = {Java String Analyzer},
note = {\url{http://www.brics.dk/JSA/}},
year = {2006}
}

@article{maurer,
    author = {Peter M. Maurer},
    title = {Generating test data with enhanced context-free grammars},
    journal = {IEEE Software},
    year = {1990},
    volume = {7},
    pages = {50--55}
}

@article{constraintsolving,
 author = {Jian Zhang},
 title = {Constraint Solving and Symbolic Execution},
 book = {Verified Software: Theories, Tools, Experiments: First IFIP TC 2/WG 2.3 Conference, VSTTE 2005, Zurich, Switzerland, October 10-13, 2005, Revised Selected Papers and Discussions},
 year = {2008},
 pages = {539--544},
 publisher = {Springer-Verlag}
 }

 @book{microsoft,
title = {Model-Based Software Testing and Analysis with C\#},
author = {Jonathan Jacky and Margus Veanes and Colin Campbell and Wolfram Schulte},
publisher = {Cambridge University Press},
year = {2007}
} 

@inproceedings{deltaexec,
 author = {Marcelo d'Amorim and Steven Lauterburg and Darko Marinov},
 title = {Delta execution for efficient state-space exploration of object-oriented programs},
 booktitle = {Proceedings of the 2007 international symposium on Software testing and analysis:ISSTA 2007},
 year = {2007},
 pages = {50--60}
 }
@INPROCEEDINGS{reggae,
    author = {Nuo Li and Tao Xie and Nikolai Tillmann and Jonathan de Halleux and Wolfram Schulte},
    title = {Reggae: Automated Test Generation for Programs using Complex Regular Expressions},
    booktitle = {Proc. 24th IEEE/ACM International Conference on Automated Software Engineering (ASE 2009)},
    month = {November},
    year = {2009}, 
    location = {Auckland, New Zealand},
    url = {http://www.csc.ncsu.edu/faculty/xie/publications/ase09-reggae.pdf}, 
}
@inproceedings{hampi,
 author = {Kiezun, Adam and Ganesh, Vijay and Guo, Philip J. and Hooimeijer, Pieter and Ernst, Michael D.},
 title = {HAMPI: a solver for string constraints},
 booktitle = {ISSTA '09: Proceedings of the eighteenth international symposium on Software testing and analysis},
 year = {2009},
 isbn = {978-1-60558-338-9},
 pages = {105--116},
 location = {Chicago, IL, USA},
 doi = {http://doi.acm.org/10.1145/1572272.1572286},
 publisher = {ACM},
 address = {New York, NY, USA},
 }
 
 @article{symbolic,
 author = {King, James C.},
 title = {Symbolic execution and program testing},
 journal = {Commun. ACM},
 volume = {19},
 number = {7},
 year = {1976},
 issn = {0001-0782},
 pages = {385--394},
 doi = {http://doi.acm.org/10.1145/360248.360252},
 publisher = {ACM},
 address = {New York, NY, USA},
 }
 
 @book{graph,
 author = {Gross, Jonathan and Yellen, Jay},
 title = {Graph theory and its applications},
 year = {1999},
 isbn = {0-8493-3982-0},
 publisher = {CRC Press, Inc.},
 address = {Boca Raton, FL, USA},
 }
 
 @inproceedings{deltaexec,
 author = {Marcelo d'Amorim and Steven Lauterburg and Darko Marinov},
 title = {Delta execution for efficient state-space exploration of object-oriented programs},
 booktitle = {Proceedings of the 2007 international symposium on Software testing and analysis:ISSTA 2007},
 year = {2007},
 pages = {50--60}
 }
 
 @inproceedings{prune,
 author = {Bardin, S\'{e}bastien and Herrmann, Philippe},
 title = {{Pruning the Search Space in Path-Based Test Generation}},
 booktitle = {ICST},
 year = {2009}
 }
 
  
 @inproceedings{mixed,
 author = {Cristian Cadar and Dawson Engler},
 title = {{Execution Generated Test Cases: How to Make Systems Code Crash Itself}},
 booktitle = {SPIN},
 year = {2005}
 }
 
  @inproceedings{onthefly,
 author = {N. Williams, B. Marre and P. Mouy},
 title = {{On-the-Fly Generation of K-Path Tests for C Functions}},
 booktitle = {ASE},
 year = {2004}
 }
 
 @inproceedings{hybrid,
 author = {R. Majumdar and K. Sen.},
 title = {{Hybrid Concolic Testing}},
 booktitle = {ICSE},
 year = {2007}
 }
 
 @inproceedings{fuzz,
 author = {P. Godefroid, M. Y. Levin and D.Molnar},
 title = {{Automated Whitebox Fuzz Testing}},
 booktitle = {NDSS},
 year = {2008}
 }
  @inproceedings{distribute,
 author = {K. Sen and G. Agha},
 title = {{Automated Systematic Testing of Open Distributed Programs}},
 booktitle = {FASE},
 year = {2006}
 }
 
 
   @inproceedings{peephole,
 author = { C.Wang, Z. Yang, V. Kahlon and A. Gupta.},
 title = {{Peephole Partial
Order Reduction}},
 booktitle = {TACAS},
 year = {2008}
 }
 
  
   @inproceedings{demand,
 author = { S. Anand, P. Godefroid and N. Tillmann},
 title = {{Demand-Driven Compositional Symbolic Execution}},
 booktitle = {TACAS},
 year = {2008}
 } 
 
    @inproceedings{allpath,
 author = { P.Mouy, B.Marre, N.Williams and P. Le Gall},
 title = {{Generation of All-Paths Unit Test with Function Calls.}},
 booktitle = {ICST},
 year = {2008}
 } 
